%% This BibTeX bibliography file was created using BibDesk.
%% https://bibdesk.sourceforge.io/

%% Created for Drew Herren at 2019-12-17 14:22:52 -0800 


%% Saved with string encoding Unicode (UTF-8) 



@article{belkin2006manifold,
	Author = {Belkin, Mikhail and Niyogi, Partha and Sindhwani, Vikas},
	Date-Added = {2019-11-23 13:19:04 -0700},
	Date-Modified = {2019-11-23 13:19:04 -0700},
	Journal = {Journal of machine learning research},
	Number = {Nov},
	Pages = {2399--2434},
	Title = {Manifold regularization: A geometric framework for learning from labeled and unlabeled examples},
	Volume = {7},
	Year = {2006}}

@article{chipman2010bart,
	Author = {Chipman, Hugh A and George, Edward I and McCulloch, Robert E and others},
	Date-Added = {2019-11-22 12:49:34 -0700},
	Date-Modified = {2019-11-22 12:49:34 -0700},
	Journal = {The Annals of Applied Statistics},
	Number = {1},
	Pages = {266--298},
	Publisher = {Institute of Mathematical Statistics},
	Title = {BART: Bayesian additive regression trees},
	Volume = {4},
	Year = {2010}}

@article{gruber2009targeted,
	Author = {Gruber, Susan and van der Laan, Mark J},
	Date-Added = {2019-11-22 11:58:52 -0700},
	Date-Modified = {2019-11-22 11:59:49 -0700},
	Publisher = {bepress},
	Title = {Targeted maximum likelihood estimation: A gentle introduction},
	Year = {2009}}

@article{van2010targeted,
	Author = {van der Laan, Mark J},
	Date-Added = {2019-11-22 11:50:08 -0700},
	Date-Modified = {2019-11-22 12:00:12 -0700},
	Journal = {The International Journal of Biostatistics},
	Number = {2},
	Publisher = {De Gruyter},
	Title = {Targeted Maximum Likelihood Based Causal Inference: Part I},
	Volume = {6},
	Year = {2010}}

@article{van2010targeted2,
	Author = {van der Laan, Mark J},
	Date-Added = {2019-11-21 23:24:20 -0700},
	Date-Modified = {2019-11-22 12:00:20 -0700},
	Journal = {The International Journal of Biostatistics},
	Number = {3},
	Publisher = {De Gruyter},
	Title = {Targeted Maximum Likelihood Based Causal Inference: Part II},
	Volume = {6},
	Year = {2010}}

@article{cerulli2014treatrew,
	Author = {Cerulli, Giovanni},
	Date-Added = {2019-11-21 23:20:10 -0700},
	Date-Modified = {2019-11-21 23:20:10 -0700},
	Journal = {The Stata Journal},
	Number = {3},
	Pages = {541--561},
	Publisher = {SAGE Publications Sage CA: Los Angeles, CA},
	Title = {treatrew: A user-written command for estimating average treatment effects by reweighting on the propensity score},
	Volume = {14},
	Year = {2014}}

@article{hirano2003efficient,
	Author = {Hirano, Keisuke and Imbens, Guido W and Ridder, Geert},
	Date-Added = {2019-11-21 22:50:25 -0700},
	Date-Modified = {2019-11-21 22:50:25 -0700},
	Journal = {Econometrica},
	Number = {4},
	Pages = {1161--1189},
	Publisher = {Wiley Online Library},
	Title = {Efficient estimation of average treatment effects using the estimated propensity score},
	Volume = {71},
	Year = {2003}}

@article{hahn2017bayesian,
	Author = {Hahn, P Richard and Murray, Jared S and Carvalho, Carlos},
	Date-Added = {2019-11-21 22:33:29 -0700},
	Date-Modified = {2019-11-21 22:33:29 -0700},
	Journal = {arXiv preprint arXiv:1706.09523},
	Title = {Bayesian regression tree models for causal inference: regularization, confounding, and heterogeneous effects},
	Year = {2017}}

@article{liang2007use,
	Author = {Liang, Feng and Mukherjee, Sayan and West, Mike},
	Date-Added = {2019-11-21 00:23:20 -0700},
	Date-Modified = {2019-11-21 00:23:20 -0700},
	Journal = {Statistical Science},
	Pages = {189--205},
	Publisher = {JSTOR},
	Title = {The use of unlabeled data in predictive modeling},
	Year = {2007}}

@article{rosenbaum1983central,
	Author = {Rosenbaum, Paul R and Rubin, Donald B},
	Date-Added = {2019-11-20 23:36:50 -0700},
	Date-Modified = {2019-11-20 23:36:50 -0700},
	Journal = {Biometrika},
	Number = {1},
	Pages = {41--55},
	Publisher = {Oxford University Press},
	Title = {The central role of the propensity score in observational studies for causal effects},
	Volume = {70},
	Year = {1983}}

@book{hernan2010causal,
	Author = {Hernan, Miguel A and Robins, James M},
	Date-Added = {2019-11-20 23:16:56 -0700},
	Date-Modified = {2019-11-20 23:16:56 -0700},
	Publisher = {CRC Boca Raton, FL},
	Title = {Causal inference},
	Year = {2010}}
